
% --- 2017 --- %

@inproceedings{lib:author:iss2017:crackIdentification,
  author     = {Бернс, В. А. and Жуков, Е. П. and Лысенко, Е. А. and Маленкова, В. В. and Лакиза, П. А.}, 
  title      = {Диагностика процессов разрушения элементов конструкций летательных аппаратов},
  booktitle  = {Материалы XXI Международной научно-практической конференции <<Решетневские чтения>>},
  address    = {Красноярск : СибГУ им.~М.\,Ф.~Решетнёва},
  year       = {08--11 ноября 2017 г.},
  pages      = {84--86},
  volume     = 1,
  language   = {russian},
  authorconf = {true}
} % 3

% --- 2018 --- %

@inproceedings{lib:author:gorshkov:crackIdentification,
  author     = {Бернс, В. А. and Жуков, Е. П. and Лакиза, П. А. and Маленкова, В. В.}, 
  title      = {Контроль дефектов конструкций летательных аппаратов по портретам вынужденных колебаний},
  booktitle  = {Материалы XXIV Международного симпозиума <<Динамические и технологические проблемы механики конструкций и сплошных сред>> имени А.\,Г.~Горшкова},
  address    = {М. : ООО <<ТРП>>},
  year       = {2018},
  pages      = {45--47},
  volume     = 1,
  language   = {russian},
  authorconf = {true}
} % 3

@inproceedings{lib:author:iss2018:synthesis,
  author     = {Бернс, В. А. and Левин, В. Е. and Красноруцкий, Д. А. and Жуков, Е. П. and Лакиза, П. А.}, 
  title      = {Модальный анализ макета антенны космического аппарата по результатам испытаний его составных частей},
  booktitle  = {Материалы XXII Международной научно-практической конференции <<Решетневские чтения>>},
  address    = {Красноярск : СибГУ им.~М.\,Ф.~Решетнёва},
  year       = {12--16 ноября 2018 г.},
  pages      = {84--85},
  volume     = 1,
  language   = {russian},
  authorconf = {true}
} % 2

@inproceedings{lib:author:iss2018:crackIdentification,
  author     = {Бернс, В. А. and Жуков, Е. П. and Лысенко, Е. А. and Маленкова, В. В. and Лакиза, П. А.}, 
  title      = {Исследование способа выявления трещин по портретам вынужденных колебаний},
  booktitle  = {Материалы XXII Международной научно-практической конференции <<Решетневские чтения>>},
  address    = {Красноярск : СибГУ им.~М.\,Ф.~Решетнёва},
  year       = {12--16 ноября 2018 г.},
  pages      = {82--83},
  volume     = 1,
  language   = {russian},
  authorconf = {true}
} % 3

@article{lib:author:spacecraft:cms,
  author      = {Бернс, В. А. and Левин, В. Е. and Красноруцкий, Д. А. and Маринин, Д. А. and Жуков, Е. П. and Маленкова, В. В. and Лакиза, П. А.},
  title       = {Разработка расчетно-экспериментального метода модального анализа крупногабаритных трансформируемых космических конструкций},
  journal     = {Научный журнал <<Космические аппараты и технологии>>},
  year        = 2018,
  pages       = {125--133},
  language    = {russian},
  authorother = {true}
} % 2, 4

% --- 2019 --- %

@inproceedings{lib:author:nstuEn:synthesis,
  author     = {Lakiza, P. A. and Krasnorutskiy, D. A. and Golysheva, M. D.}, 
  title      = {Development of a Calculation Method for Modal Analysis of Large Transformable Space Structures},
  booktitle  = {Science. Research. Practice. Proceedings 2018 IInd All Russia Academic and Research Conference of Graduate and Postgraduate Students},
  address    = {Novosibirsk},
  year       = {2019},
  pages      = {76--78},
  note       = {ISBN 978-5-7782-3793-3}, 
  publisher  = {Nstu pub.},
  language   = {english},
  authorconf = {true}
} % 2

@article{lib:author:samsc:freeing,
  author    = {Красноруцкий, Д. А. and Бернс, В. А. and Лакиза, П. А. and Левин, В. Е.},
  title     = {Метод освобождения динамической расчетной модели летательного аппарата},
  journal   = {Научный журнал <<Известия Самарского научного центра РАН>>},
  year      = 2019,
  pages     = {31--38},
  volume    = 21,
  number    = 1,
  language  = {russian},
  authorvak = {true}
} % 2

@article{lib:author:metal:crackIdentification,
  author       = {Бернс, В. А. and Жуков, Е. П. and Лакиза, П. А. and Лысенко, E. А.}, 
  title        = {Исследования достоверности диагностирования трещин по искажениям портретов вынужденных колебаний},
  journal      = {Обработка металлов (технология, оборудование, инструменты)},
  year         = 2019,
  volume       = 21,
  number       = 2,
  pages        = {26--39},
  doi          = {10.17212/1994-6309-2019-21.2-26-39}, 
  language     = {russian},
  authorwos    = {true},
  authorscopus = {true}
} % 3

@inproceedings{lib:author:nstuEn:updating,
  author     = {Lakiza, P. A. and Krasnorutskiy, D. A.}, 
  title      = {A Method for Updating Mathematical Models Obtained by Finite-Element Modelling},
  booktitle  = {Progress through innovations. Proceedings 2019 VIII-th International Academic and Research Conference of Graduate and Postgraduate Students},
  address    = {Novosibirsk},
  year       = {2019},
  pages      = {151--153},
  publisher  = {Nstu pub.},
  language   = {english},
  authorconf = {true}
} % 2

@inproceedings{lib:author:iss2019:synthesis,
  author     = {Бернс, В. А. and Красноруцкий, Д. А. and Лакиза, П. А. and Маринин, Д. А and Жуков, Е. П.}, 
  title      = {Расчетно-экспериментальный метод модального анализа крупногабаритных трансформируемых конструкций},
  booktitle  = {Материалы XXIII Международной научно-практической конференции <<Решетневские чтения>>},
  address    = {Красноярск : СибГУ им.~М.\,Ф.~Решетнёва},
  year       = {11--15 ноября 2019 г.},
  pages      = {82--83},
  volume     = 1,
  language   = {russian},
  authorconf = {true}
} % 2

@inproceedings{lib:author:nti2019:gvt,
  author     = {Занина, Э. А. and Бернс, В. А. and Лакиза, П. А.}, 
  title      = {О возможности модальных испытаний самолётов на жёстких опорах},
  booktitle  = {Труды Всероссийской научной конференции молодых ученых <<Наука. Технологии. Иновации>>},
  year       = 2019,
  pages      = {45--48},
  volume     = 9, 
  language   = {russian},
  authorconf = {true}
} % 3

@inproceedings{lib:author:nti2019:updating,
  author     = {Лакиза, П. А. and Красноруцкий, Д. А.},
  title      = {Метод коррекции математических моделей, полученных путем конечно-элементного моделирования},
  booktitle  = {Труды Всероссийской научной конференции молодых ученых <<Наука. Технологии. Иновации>>},
  year       = 2019,
  pages      = {57--59},
  volume     = 9,
  language   = {russian},
  authorconf = {true}
} % 2

% --- 2020 --- %

@inproceedings{lib:author:nsu:synthesis,
  author     = {Лакиза, П. А.}, 
  title      = {Разработка метода синтеза математических моделей крупногабаритных трансформируемых космических конструкций по результатам испытаний их составных частей},
  booktitle  = {Материалы 58-й Международной научной студенческой конференции МНСК-2020: Математика},
  year       = 2020,
  pages      = {124},
  language   = {russian},
  authorconf = {true}
} % 2

@inproceedings{lib:author:nti2020:updating,
  author     = {Лакиза, П. А. and Краснорукций, Д. А and Бернс, В. А. and Жуков, Е. П.}, 
  title      = {Разработка метода коррекции динамических конечно-элементных моделей по результатам частотных испытаний},
  booktitle  = {Труды Всероссийской научной конференции молодых ученых <<Наука. Технологии. Иновации>>},
  address    = {Новосибирск},
  year       = {30 ноября--4 декабря 2020 г.},
  pages      = {23--26},
  note       = {ISBN 978-5-7782-4297-5, ISBN 978-5-7782-4288-3}, 
  volume     = 9,
  publisher  = {Изд-во НГТУ},
  language   = {russian},
  authorconf = {true}
} % 2

@misc{lib:author:patent:freeing,
  title        = {Пат. 2728329 Российская Федерация, МПК G01M7/00. Способ определения собственных частот и форм колебаний свободной конструкции по результатам испытаний этой конструкции с наложенными связями / Бернс~В.\,А., Жуков~Е.\,П., Красноруцкий~Д.\,А., Лакиза~П.\,А.~---~№ 2019119278 ; заявл.~19.06.19 ; опубл.~29.06.20, Бюл.~№ 22. --- 15 с},
  language     = {russian},
  authorpatent = {true}
} % 2

% --- 2021 --- %

@article{lib:author:metal:gapsIdentification,
  author       = {Тестоедов, Н. А. and Бернс, В. А. and Жуков, Е. П. and Лысенко, Е. А. and Лакиза, П. А.}, 
  title        = {Контроль зазоров в конструкциях технических изделий в процессе вибрационных испытаний},
  journal      = {Обработка металлов (технология, оборудование, инструменты)},
  year         = 2021,
  volume       = 23,
  number       = 2,
  pages        = {40--53},
  note         = {DOI: 10.17212/1994-6309-2021-23.2-40-53}, 
  language     = {russian},
  authorwos    = {true},
  authorscopus = {true}
} % 3

@misc{lib:author:certificate:GenCalc,
  title         = {Свидетельство 2021662965. Расчет обобщенных характеристик тонов собственных колебаний по результатам модальных испытаний <<GenCalc>>: программа для ЭВМ / П.\,А.~Лакиза, В.\,А.~Бернс, Е.\,П.~Жуков (RU); правообладатель <<Новосибирский государственный технический университет>>; заявл.~02.08.2021; опубл.~10.08.2021},
  language      = {russian},
  authorprogram = {true}
} % 3

@misc{lib:author:certificate:ResponseAnalyzer,
  title         = {Свидетельство 2021662816. Представление результатов модальных испытаний <<ResponseAnalyzer>>: программа для ЭВМ / П.\,А.~Лакиза, В.\,А.~Бернс, Е.\,П.~Жуков (RU); правообладатель <<Новосибирский государственный технический университет>>; заявл.~02.08.2021; опубл.~05.08.2021},
  language      = {russian},
  authorprogram = {true}
} % 3

@misc{lib:author:certificate:DistortionFinder,
  title         = {Свидетельство 2021663099. Контроль дефектов в процессе вибрационных испытаний <<DistortionFinder>>: программа для ЭВМ / П.\,А.~Лакиза, В.\,А.~Бернс, Е.\,П.~Жуков (RU); правообладатель <<Новосибирский государственный технический университет>>; заявл.~02.08.2021; опубл.~11.08.2021},
  language      = {russian},
  authorprogram = {true}
} % 3

@article{lib:author:pnrpu:updating,
  author       = {Красноруцкий, Д. А. and Лакиза, П. А. and Бернс, В. А. and Жуков, Е. П.}, 
  title        = {Метод коррекции конечно-элементных моделей динамических систем},
  journal      = {Вестник Пермского национального исследовательского политехнического университета. Механика},
  year         = 2021,
  number       = 3,
  pages        = {84--95},
  doi          = {10.15593/perm.mech/2021.3.08.}, 
  language     = {russian},
  authorscopus = {true}
} % 2

@inproceedings{lib:author:sibnia2021:ModalData,
  author     = {Бернс, В. А. and Жуков, Е. П. and Лакиза, П. А. and Маленкова В.В}, 
  title      = {Результаты модальных испытаний как исходных данные для коррекции расчетных моделей летательных аппаратов},
  booktitle  = {Материалы школы-семинара <<Проблемы прочности авиационных конструкций и материалов>>},
  address    = {Новосибирск},
  year       = {8--11 сентября 2021 г.},
  pages      = {12--14},
  language   = {russian},
  authorconf = {true}
} % 3

@inproceedings{lib:author:sibnia2021:defects,
  author     = {Бернс, В. А. Лысенко, Е. А and Жуков, Е. П. and Лакиза, П. А.}, 
  title      = {Использование портретов колебаний в контроле технического состояния летательных аппаратов},
  booktitle  = {Материалы школы-семинара <<Проблемы прочности авиационных конструкций и материалов>>},
  address    = {Новосибирск},
  year       = {8--11 сентября 2021 г.},
  pages      = {14--15},
  language   = {russian},
  authorconf = {true}
} % 3

@inproceedings{lib:author:chinese:updating,
  author     = {Krasnorutsky, D. A. and Berns, V. A. and Zhukov, E. P. and Lakiza, P. A.}, 
  title      = {A Method for Finite Element Model Updating of Aircraft Based on Ground Vibration Testing Results},
  booktitle  = {Fundamental Problems of Aircraft Aerodynamics, Flight Dynamics, Strength and Flight Safety. Proceedings 17-th Russian-Chinese Conference},
  address    = {Zhukovsky},
  year       = {11--14 October 2021},
  pages      = {65--66},
  language   = {english},
  authorconf = {true}
} % 4

@inproceedings{lib:author:chinese:defects,
  author     = {Berns, V. A. and Lysenko, E. A. and Zhukov, E. P. and Lakiza, P. A.}, 
  title      = {Control of Defects in Airframes during Ground Vibration Testing},
  booktitle  = {Fundamental Problems of Aircraft Aerodynamics, Flight Dynamics, Strength and Flight Safety. Proceedings 17-th Russian-Chinese Conference},
  address    = {Zhukovsky},
  year       = {11--14 October 2021},
  pages      = {71--72},
  language   = {english},
  authorconf = {true}
} % 3

@inproceedings{lib:author:iss2021:updating,
  author     = {Красноруцкий, Д. А. and Бернс, В. А. and Лакиза, П. А. and Жуков, Е. П. and Маринин, Д. А.}, 
  title      = {Метод коррекции расчетных динамических моделей летательных аппаратов},
  booktitle  = {Решетнёвские чтения. Материалы XXV Международной научно-практической конференции},
  address    = {Красноярск : СибГУ им.~М.\,Ф.~Решетнёва},
  year       = {10--12 ноября 2021 г.},
  pages      = {94--95},
  volume     = 1,
  language   = {russian},
  authorconf = {true}
} % 4

@inproceedings{lib:author:iss2021:defects,
  author     = {Бернс, В. А. and Лысенко, Е. А and Жуков, Е. П. and Лакиза, П. А.}, 
  title      = {Идентификация дефектов в конструкциях летательных аппаратов по портретам вынужденных колебаний},
  booktitle  = {Материалы XXV Международной научно-практической конференции <<Решетнёвские чтения>>},
  address    = {Красноярск : СибГУ им.~М.\,Ф.~Решетнёва},
  year       = {10--12 ноября 2021 г.},
  pages      = {69--70},
  volume     = 1,
  language   = {russian},
  authorconf = {true}
} % 3

% --- 2022 --- %

@article{lib:author:flight:modalData,
  author      = {Бернс, В. А. and Жуков, Е. П. and Лакиза, П. А. and Маленкова, В. В. and Душухин, Д. О.}, 
  title       = {Результаты модальных испытаний как исходные данные для коррекции расчетных моделей летательных аппаратов},
  journal     = {Общероссийский научно-технический журнал <<Полёт>>},
  year        = 2022,
  number      = 2,
  pages       = {49--56},
  language    = {russian},
  authorother = {true}
} % 3

@article{lib:author:flight:defects,
  author      = {Бернс, В. А. and Лысенко, Е. А. and Жуков, Е. П. and Лакиза, П. А. and Душухин, Д. О.}, 
  title       = {Использование портретов колебаний в процессе контроля технического состояния летательных аппаратов},
  journal     = {Общероссийский научно-технический журнал <<Полёт>>},
  year        = 2022,
  number      = 2,
  pages       = {64--71},
  language    = {russian},
  authorother = {true}
} % 3

@inproceedings{lib:author:dvm:updating,
  author     = {Бернс, В. А. and Годин, А. И. and Жуков, Е. П. and Красноруцкий, Д. А. and Лакиза, П. А. and Пара, А. В.}, 
  title      = {Коррекция расчетной модели отъемной части крыла летательного аппарата},
  booktitle  = {Материалы 6-й Международной научно-технической конференции <<Динамика и виброакустика машин>>},
  address    = {Самара : Самараский университет},
  year       = {21--23 сентября 2022 г.},
  pages      = {217--219},
  language   = {russian},
  authorconf = {true}
} % 4

@inproceedings{lib:author:iss2022:oma,
  author     = {Бернс, В. А. and Годин, А. И. and Жуков, Е. П. and Красноруцкий, Д. А. and Лакиза, П. А. and Маринин, Д. А. and Пара, А. В. and Шкода, А. В.}, 
  title      = {Применение операционного модального анализа для определения динамических характеристик летательных аппаратов},
  booktitle  = {Материалы XXVI Международной научно-практической конференции <<Решетнёвские чтения>>},
  address    = {Красноярск : СибГУ им.~М.\,Ф.~Решетнёва},
  year       = {9--11 ноября 2022 г.},
  pages      = {90--92},
  volume     = 1,
  language   = {russian},
  authorconf = {true}
} % 3

@inproceedings{lib:author:iss2022:updating,
  author     = {Бернс, В. А. and Годин, А. И. and Жуков, Е. П. and Красноруцкий, Д. А. and Лакиза, П. А. and Лысенко, Е. А. and Пара, А. В. and Шкода, А. В.}, 
  title      = {К вопросу коррекции расчетных моделей летательных аппаратов},
  booktitle  = {Материалы XXVI Международной научно-практической конференции <<Решетнёвские чтения>>},
  address    = {Красноярск : СибГУ им.~М.\,Ф.~Решетнёва},
  year       = {9--11 ноября 2022 г.},
  pages      = {87--89},
  volume     = 1,
  language   = {russian},
  authorconf = {true} 
} % 4

% --- 2023 --- %

@misc{lib:author:certificate:FlightLab,
  title         = {Свидетельство 2023610282. Операционный модальный анализ летательных аппаратов <<FlightLab>>: программа для ЭВМ / П.\,А.~Лакиза, Д.\,А.~Красноруцкий, В.\,А.~Бернс (RU); правообладатель <<Новосибирский государственный технический университет>>; заявл.~10.01.2023; опубл.~10.01.2023},
  language      = {russian},
  authorprogram = {true}
} % 3

% --- Разное --- %

@online{lib:author:github:pchConverter,
  title       = {PchConverter [Электронный ресурс]},
  url         = {https://github.com/Qinterfly/PchConverter},
  urldate     = {19.02.2023},
  language    = {russian},
}