
% --- Коррекция --- %

@article{lib:modelUpdating:Bartilson,
	author   = "Bartilson, D.T. and Jang, J. and Smyth, A.W",
	title    = "Finite element model updating using objective-consistent sensitivity-based parameter clustering and Bayesian regularization",
	journal  = "Mechanical Systems and Signal Processing",
	year     = 2019,
	number   = 114,
	pages    = {328-345},
	language = {english}
}

@article{lib:modelUpdating:Li&Tian,
	author   = "Li, Y. and Tian, K. and Hao, P. and Wang, B. and Wu, H. and Wang, B.",
	title    = "Finite element model updating for repeated eigenvalue structures via the reduced-order model using incomplete measured modes",
	journal  = "Mechanical Systems and Signal Processing",
	year     = 2020,
	number   = 142,
	language = {english}
}

@article{lib:modelUpdating:Yan&Li,
	author   = "Yan, S. and Li, B. and Li, F. and Li, B.",
	title    = "Finite element model updating of liquid rocket engine nozzle based on modal test results obtained from 3-D SLDV technique",
	journal  = "Aerospace Science and Technology",
	year     = 2017,
	number   = 69,
	pages    = {412-418},
	language = {english}
}

@article{lib:modelUpdating:Zhao&Gupta,
	author   = "Zhao, W. and Gupta, A. and Regan, C.D. and Miglani, J. and Kapania, R.K. and Seiler, P.J.",
	title    = "Component data assisted finite element model updating of composite flying-wing aircraft using multi-level optimization",
	journal  = "Aerospace Science and Technology",
	year     = 2019,
	number   = 95,
	language = {english}
}

@article{lib:modelUpdating:Girardi&Padovani,
	author   = "Girardi, G. and Padovani, C. and Pellegrini, D. and Porcelli, M. and Robol, L.",
	title    = "Finite element model updating for structural applications",
	journal  = "Journal of Computational and Applied Mathematics",
	year     = 2020,
	number   = 370,
	language = {english}
}

@article{lib:modelUpdating:Guo&Wang,
	author   = "Guo, Y. and Wang, F. and Jia, M. and Zhang, M.",
	title    = "Modeling of plate heat exchanger based on sensitivity analysis and model updating",
	journal  = "Chemical Engineering Research and Design",
	year     = 2018,
	number   = 138,
	pages    = {418-432},
	language = {english}
}

@article{lib:modelUpdating:Petersen&Oiseth,
	author   = "Petersen, O.W. and Oiseth, O.",
	title    = "Sensitivity-based finite element model updating of a pontoon bridge",
	journal  = "Engineering Structures",
	year     = 2017,
	number   = 150,
	pages    = {573-584},
	language = {english}
}

@article{lib:modelUpdating:Bayraktar&Sevim,
	author   = "Bayraktar, A. and Sevim, B. and Altunisik A.C.",
	title    = "Finite element model updating effects on nonlinear seismic response of arch dam–reservoir–foundation systems",
	journal  = "Finite Elements in Analysis and Design",
	year     = 2011,
	number   = 47,
	pages    = {85-97},
	language = {english}
}

@article{lib:modelUpdating:Cong&Thoi,
	author   = "Dinh-Cong, D. and Nguyen-Thoi, T. and Nguyen D.T.",
	title    = "A FE model updating technique based on SAP2000-OAPI and enhanced SOS algorithm for damage assessment of full-scale structures",
	journal  = "Applied Soft Computing Journal",
	year     = 2020,
	number   = 89,
	language = {english}
}

@article{lib:modelUpdating:Polanco,
	author   = "Polanco, N.R and May, G. and Hernandez E.M.",
	title    = "Finite element model updating of semi-composite bridge decks using operational acceleration measurements",
	journal  = "Engineering Structures",
	year     = 2016,
	number   = 126,
	pages    = {264-277},
	language = {english}
}

@article{lib:modelUpdating:Eiras,
	author   = "Eiras, J.N. and Payan, C. and Rakotonarivo, S. and Garnier V.",
	title    = "Experimental modal analysis and finite element model updating for structural health monitoring of reinforced concrete radioactive waste packages",
	journal  = "Construction and Building Materials",
  	year     = 2018,
  	number   = 180,
  	pages    = {531-543},
  	language = {english}
}

@article{lib:modelUpdating:Simoen,
	author   = "Simoen, E. and Roeck, G.D. and Lombaert, G.",
	title    = "Dealing with uncertainty in model updating for damage assessment: A review",
	journal  = "Mechanical Systems and Signal Processing",
  	year     = 2015,
  	number   = {56-57},
  	pages    = {123-149},
  	language = {english}
}

@article{lib:modelUpdating:Lacayo,
	author   = "Lacayo, R.M. and Allen, M.S.",
	title    = "Updating structural models containing nonlinear Iwan joints using quasi-static modal analysis",
	journal  = "Mechanical Systems and Signal Processing",
  	year     = 2019,
  	number   = 118,
  	pages    = {133-157},
  	language = {english}
}

@article{lib:modelUpdating:Yuan,
	author   = "Yuan, P.P. and Ren, W.X. and Zhang, J.",
	title    = "Dynamic tests and model updating of nonlinear beam structures with bolted joints",
	journal  = "Mechanical Systems and Signal Processing",
  	year     = 2019,
  	number   = 126,
  	pages    = {193-210},
  	language = {english}
}

@article{lib:modelUpdating:Huang,
	author   = "Huang, B. and Chen, H.",
	title    = "A new approach for stochastic model updating using the hybrid perturbation-Garlekin method",
	journal  = "Mechanical Systems and Signal Processing",
  	year     = 2019,
  	number   = 129,
  	pages    = {1-19},
  	language = {english}
}

@article{lib:modelUpdating:Bao,
	author   = "Bao, N. and Wang, C.",
	title    = "A Monte Carlo simulation based inverse propagation method for stochastic model updating",
	journal  = "Mechanical Systems and Signal Processing",
  	year     = 2015,
  	number   = {60-61},
  	pages    = {928-944},
  	language = {english}
}

@article{lib:modelUpdating:Boulkaibet,
	author   = "Boulkaibet, I. and Mthembu, L. and Marwala, T. and Friswell, M.I. and Adhikari, S.",
	title    = "Finite element model updating using the shadow hybrid Monte Carlo technique",
	journal  = "Mechanical Systems and Signal Processing",
  	year     = 2015,
  	number   = {52-53},
  	pages    = {115-132},
  	language = {english}
}

@article{lib:modelUpdating:Wang&He,
	author   = "Wang, T. and He, H. and Yan, W. and Chen, G.P.",
	title    = "A model-updating approach based on the component mode synthesis method and perturbation analysis",
	journal  = "Journal of Sound and Vibration",
  	year     = 2018,
  	number   = 433,
  	pages    = {349-365},
  	language = {english}
}

@article{lib:modelUpdating:Deng,
	author   = "Deng, Z. and Guo, Z. and Zhang, X.",
	title    = "Interval model updating using perturbation method and Radial Basis Function neural networks",
	journal  = "Mechanical Systems and Signal Processing",
  	year     = 2017,
  	number   = 84,
  	pages    = {699-716},
  	language = {english}
}

@article{lib:modelUpdating:Zhai&Fei,
	author   = "Zhai, X. and Fei, C.W. and Choy, Y.S. and Wang, J.J.",
	title    = "A stochastic model updating strategy-based improved response surface model and advanced Monte Carlo simulation",
	journal  = "Mechanical Systems and Signal Processing",
  	year     = 2017,
  	number   = 82,
  	pages    = {323-338},
  	language = {english}
}

@article{lib:modelUpdating:Fang,
	author   = "Fang, S.E. and Zhang, Q.H. and Ren, W.X.",
	title    = "Parameter variability estimation using stochastic response surface model updating",
	journal  = "Mechanical Systems and Signal Processing",
  	year     = 2014,
  	number   = 49,
  	pages    = {249-263},
  	language = {english}
}

@article{lib:modelUpdating:Xin&Hao,
	author   = "Xin, Y. and Hao, H. and Li, J. and Wang, Z.C. and Wan, H.P. and Ren, W.X.",
	title    = "Bayesian based nonlinear model updating using instantaneous characteristics of structural dynamic responses",
	journal  = "Engineering Structures",
  	year     = 2019,
  	number   = 183,
  	pages    = {459-474},
  	language = {english}
}

@article{lib:modelUpdating:Lam,
	author   = "Lam, H.F. and Yang, J. and Au, S.K.",
	title    = "Bayesian model updating of a coupled-slab system using field test data utilizing an enhanced Markov chain Monte Carlo simulation algorithm",
	journal  = "Engineering Structures",
  	year     = 2015,
  	number   = 102,
  	pages    = {144-155},
  	language = {english}
}

@article{lib:modelUpdating:Yuan&Liang,
	author   = "Yuan, Z. and Liang, P. and Silva, T. and Yu, K. and Mottershead, J.E.",
	title    = "Parameter selection for model updating with global sensitivity analysis",
	journal  = "Mechanical Systems and Signal Processing",
  	year     = 2019,
  	number   = 115,
  	pages    = {483-496},
  	language = {english}
}

@article{lib:modelUpdating:Mottershead,
	author   = "Mottershead, J.E. and Link, M. and Friswell, M.I.",
	title    = "The sensitivity method in finite element model updating: A tutorial",
	journal  = "Mechanical Systems and Signal Processing",
  	year     = 2011,
  	number   = 25,
  	pages    = {2275-2296},
  	language = {english}
}

@article{lib:modelUpdating:Bakir,
	author   = "Bakir, P.G. and Reynders, E. and Roeck, G.D.",
	title    = "Sensitivity-based finite element model updating using constrained optimization with a trust region algorithm",
	journal  = "Journal of Sound and Vibration",
  	year     = 2007,
  	number   = 305,
  	pages    = {211-225},
  	language = {english}
}

@article{lib:modelUpdating:Min,
	author   = "Min, C.H. and Hong, S. and Park, S.Y. and Park, D.C.",
	title    = "Sensitivity-based finite element model updating with natural frequencies and zero frequencies for damped beam structures",
	journal  = "IJNAOE",
  	year     = 2014,
  	number   = 221,
  	pages    = {904-921},
  	language = {english}
}

@article{lib:modelUpdating:Hernandez,
	author   = "Hernandez, E.M. and Bernal, D.",
	title    = "Iterative finite element model updating in the time domain",
	journal  = "Mechanical Systems and Signal Processing",
  	year     = 2013,
  	number   = 34,
  	pages    = {39-46},
  	language = {english}
}

@article{lib:modelUpdating:Chen&Guo,
	author   = "Chen, L. and Guo, Y. and Li, L.",
	title    = "Structural dynamic model updating based on multi-level weight coefficients",
	journal  = "Applied Mathematical Modelling",
  	year     = 2019,
  	number   = 71,
  	pages    = {700-711},
  	language = {english}
}

@article{lib:modelUpdating:Hua,
	author   = "Hua, X.G. and Ni, Y.Q. and Ko, J.M.",
	title    = "Adaptive regularization parameter optimization in output-error-based finite element model updating",
	journal  = "Mechanical Systems and Signal Processing",
  	year     = 2009,
  	number   = 23,
  	pages    = {563-579},
  	language = {english}
}

@article{lib:modelUpdating:Li&Law,
	author   = "Li, X.Y. and Law, S.S.",
	title    = "Adaptive Tikhonov regularization for damage detection based on nonlinear model updating",
	journal  = "Mechanical Systems and Signal Processing",
  	year     = 2010,
  	number   = 24,
  	pages    = {1646-1664},
  	language = {english}
}

@article{lib:modelUpdating:Reumers,
	author   = "Reumers, P. and Hoorickx, C.V. and Schevenels, M. and Lombaert, G.",
	title    = "Density filtering regularization of finite element model updating problems",
	journal  = "Mechanical Systems and Signal Processing",
  	year     = 2019,
  	number   = 128,
  	pages    = {282-294},
  	language = {english}
}

@article{lib:modelUpdating:Mantilla-Gaviria,
	author   = "Mantilla-Gaviria, I. and Leonardi, M. and Balbastre-Tejedor, J.V. and Reyes, E.",
	title    = "On the application of singular value decomposition and Tikhonov regularization to ill-posed problems in hyperbolic passive location",
	journal  = "Mathematical and Computer Modelling",
  	year     = 2013,
  	number   = 57,
  	pages    = {1999-2008},
  	language = {english}
}

@article{lib:modelUpdating:Weber,
	author   = "Weber, B. and Paultre, P. and Proulx, J.",
	title    = "Consistent regularization of nonlinear model updating for damage identification",
	journal  = "Mechanical Systems and Signal Processing",
  	year     = 2009,
  	number   = 23,
  	pages    = {1965-1985},
  	language = {english}
}

@article{lib:modelUpdating:Bathe,
	author   = "Bathe, K. and Wilson, E.",
	title    = "Solution methods for eigenvalue problems in structural mechanics",
	journal  = "International journal for numerical methods in engineering",
  	year     = 1973,
  	number   = 6,
  	pages    = {213-216},
  	language = {english}
}

